<record><leader>00000cas a2200000 a 4500</leader><controlfield tag="001">12924459</controlfield><controlfield tag="008">851217d1uuu1958ohudn ne      0    0eng d</controlfield><datafield ind1=" " ind2=" " tag="010"><subfield code="a">sn 85052213 </subfield></datafield><datafield ind1=" " ind2=" " tag="040"><subfield code="a">KNP</subfield><subfield code="b">eng</subfield><subfield code="c">KNP</subfield><subfield code="d">OCL</subfield><subfield code="d">OCLCQ</subfield></datafield><datafield ind1=" " ind2=" " tag="042"><subfield code="a">msc</subfield></datafield><datafield ind1="0" ind2="0" tag="245"><subfield code="a">Kentucky times-star.</subfield></datafield><datafield ind1="1" ind2="7" tag="246"><subfield code="a">Times-star</subfield></datafield><datafield ind1=" " ind2=" " tag="260"><subfield code="a">Cincinnati, Ohio :</subfield><subfield code="b">Times-Star Co.,</subfield><subfield code="c">-1958.</subfield></datafield><datafield ind1=" " ind2=" " tag="300"><subfield code="a">v. :</subfield><subfield code="b">ill.</subfield></datafield><datafield ind1=" " ind2=" " tag="310"><subfield code="a">Daily (except Sun.)</subfield></datafield><datafield ind1="0" ind2=" " tag="362"><subfield code="a">-July 19, 1958.</subfield></datafield><datafield ind1=" " ind2=" " tag="500"><subfield code="a">Published in Cincinnati, Ohio 1 - ; in Covington, Ky.-July 19, 1958.</subfield></datafield><datafield ind1=" " ind2=" " tag="588"><subfield code="a">Description based on: July 10, 1929.</subfield></datafield><datafield ind1=" " ind2="4" tag="651"><subfield code="a">Cincinnati (Ohio)</subfield><subfield code="v">Newspapers.</subfield></datafield><datafield ind1=" " ind2=" " tag="752"><subfield code="a">United States</subfield><subfield code="b">Ohio</subfield><subfield code="c">Hamilton</subfield><subfield code="d">Cincinnati.</subfield></datafield><datafield ind1=" " ind2=" " tag="752"><subfield code="a">United States</subfield><subfield code="b">Kentucky</subfield><subfield code="c">Kenton</subfield><subfield code="d">Covington.</subfield></datafield><datafield ind1="0" ind2=" " tag="775"><subfield code="t">Cincinnati times-star (Cincinnati, Ohio : 1893)</subfield><subfield code="w">(DLC)sn 88077449</subfield></datafield><datafield ind1="0" ind2="7" tag="785"><subfield code="t">Kentucky post (Covington, Ky. : 1890)</subfield><subfield code="w">(DLC)sn 84006219</subfield></datafield><datafield ind1="0" ind2="7" tag="785"><subfield code="t">Kentucky post and times-star</subfield><subfield code="w">(DLC)sn 85052214</subfield></datafield><datafield ind1="1" ind2=" " tag="029"><subfield code="a">AU@</subfield><subfield code="b">000022168891</subfield></datafield></record>